<?xml version="1.0" encoding="UTF-8"?>
  <record xmlns="http://www.loc.gov/MARC21/slim" type="Authority">
    <leader>00000nz  a2200000nc 4500</leader>
    <controlfield tag="001">119500957</controlfield>
    <controlfield tag="003">DE-101</controlfield>
    <controlfield tag="005">20220311163829.0</controlfield>
    <controlfield tag="008">970918n||azznnaabn           | aaa    |c</controlfield>
    <datafield tag="024" ind1="7" ind2=" ">
      <subfield code="a">119500957</subfield>
      <subfield code="0">http://d-nb.info/gnd/119500957</subfield>
      <subfield code="2">gnd</subfield>
    </datafield>
    <datafield tag="035" ind1=" " ind2=" ">
      <subfield code="a">(DE-101)119500957</subfield>
    </datafield>
    <datafield tag="035" ind1=" " ind2=" ">
      <subfield code="a">(DE-588)119500957</subfield>
    </datafield>
    <datafield tag="035" ind1=" " ind2=" ">
      <subfield code="z">(DE-588a)119500957</subfield>
      <subfield code="9">v:zg</subfield>
    </datafield>
    <datafield tag="035" ind1=" " ind2=" ">
      <subfield code="z">(DE-588c)4470772-1</subfield>
      <subfield code="9">v:zg</subfield>
    </datafield>
    <datafield tag="040" ind1=" " ind2=" ">
      <subfield code="a">DE-21</subfield>
      <subfield code="c">DE-21</subfield>
      <subfield code="9">r:DE-576</subfield>
      <subfield code="b">ger</subfield>
      <subfield code="d">9999</subfield>
    </datafield>
    <datafield tag="042" ind1=" " ind2=" ">
      <subfield code="a">gnd1</subfield>
    </datafield>
    <datafield tag="043" ind1=" " ind2=" ">
      <subfield code="c">XT</subfield>
    </datafield>
    <datafield tag="065" ind1=" " ind2=" ">
      <subfield code="a">12.2p</subfield>
      <subfield code="2">sswd</subfield>
    </datafield>
    <datafield tag="075" ind1=" " ind2=" ">
      <subfield code="b">p</subfield>
      <subfield code="2">gndgen</subfield>
    </datafield>
    <datafield tag="075" ind1=" " ind2=" ">
      <subfield code="b">piz</subfield>
      <subfield code="2">gndspec</subfield>
    </datafield>
    <datafield tag="079" ind1=" " ind2=" ">
      <subfield code="a">g</subfield>
      <subfield code="q">f</subfield>
      <subfield code="q">p</subfield>
      <subfield code="q">s</subfield>
    </datafield>
    <datafield tag="100" ind1="0" ind2=" ">
      <subfield code="a">Albinovanus</subfield>
      <subfield code="c">Pedo</subfield>
      <subfield code="d">ca. 1. Jh.v.Chr.-1. Jh.n.Chr.</subfield>
    </datafield>
    <datafield tag="377" ind1=" " ind2="7">
      <subfield code="a">lat</subfield>
      <subfield code="2">iso639-2b</subfield>
    </datafield>
    <datafield tag="400" ind1="0" ind2=" ">
      <subfield code="a">Albinovanus</subfield>
      <subfield code="c">Ovidii Amicus</subfield>
      <subfield code="d">ca. 1. Jh.v.Chr.-1. Jh.n.Chr.</subfield>
    </datafield>
    <datafield tag="400" ind1="0" ind2=" ">
      <subfield code="a">Albinovanus</subfield>
      <subfield code="c">Poet</subfield>
      <subfield code="d">ca. 1. Jh.v.Chr.-1. Jh.n.Chr.</subfield>
    </datafield>
    <datafield tag="400" ind1="1" ind2=" ">
      <subfield code="a">Albinovanus, Caius Pedo</subfield>
      <subfield code="d">ca. 1. Jh.v.Chr.-1. Jh.n.Chr.</subfield>
    </datafield>
    <datafield tag="400" ind1="1" ind2=" ">
      <subfield code="a">Albinovanus, C. Pedo</subfield>
      <subfield code="d">ca. 1. Jh.v.Chr.-1. Jh.n.Chr.</subfield>
    </datafield>
    <datafield tag="400" ind1="1" ind2=" ">
      <subfield code="a">Albinovanus, Gaius Pedo</subfield>
      <subfield code="d">ca. 1. Jh.v.Chr.-1. Jh.n.Chr.</subfield>
    </datafield>
    <datafield tag="400" ind1="1" ind2=" ">
      <subfield code="a">Albinovanus, Caius Pedonus</subfield>
      <subfield code="d">ca. 1. Jh.v.Chr.-1. Jh.n.Chr.</subfield>
    </datafield>
    <datafield tag="400" ind1="1" ind2=" ">
      <subfield code="a">Albinovanus, Pedo</subfield>
      <subfield code="d">ca. 1. Jh.v.Chr.-1. Jh.n.Chr.</subfield>
    </datafield>
    <datafield tag="400" ind1="1" ind2=" ">
      <subfield code="a">Albinovanus, C. P.</subfield>
      <subfield code="d">ca. 1. Jh.v.Chr.-1. Jh.n.Chr.</subfield>
    </datafield>
    <datafield tag="400" ind1="1" ind2=" ">
      <subfield code="a">Albinovano, Pedo</subfield>
      <subfield code="d">ca. 1. Jh.v.Chr.-1. Jh.n.Chr.</subfield>
    </datafield>
    <datafield tag="400" ind1="0" ind2=" ">
      <subfield code="a">Pedo</subfield>
      <subfield code="c">Albinovanus</subfield>
      <subfield code="d">ca. 1. Jh.v.Chr.-1. Jh.n.Chr.</subfield>
    </datafield>
    <datafield tag="400" ind1="1" ind2=" ">
      <subfield code="a">Pedo Albinovanus, Caius</subfield>
      <subfield code="d">ca. 1. Jh.v.Chr.-1. Jh.n.Chr.</subfield>
    </datafield>
    <datafield tag="400" ind1="1" ind2=" ">
      <subfield code="a">Pedo Albinovanus, Gaius</subfield>
      <subfield code="d">ca. 1. Jh.v.Chr.-1. Jh.n.Chr.</subfield>
    </datafield>
    <datafield tag="400" ind1="1" ind2=" ">
      <subfield code="a">Pedo Albinovanus, Gajus</subfield>
      <subfield code="d">ca. 1. Jh.v.Chr.-1. Jh.n.Chr.</subfield>
    </datafield>
    <datafield tag="400" ind1="1" ind2=" ">
      <subfield code="a">Pedo, Gaius Albinovanus</subfield>
      <subfield code="d">ca. 1. Jh.v.Chr.-1. Jh.n.Chr.</subfield>
    </datafield>
    <datafield tag="400" ind1="1" ind2=" ">
      <subfield code="a">Pedo, Albinovanus</subfield>
      <subfield code="d">ca. 1. Jh.v.Chr.-1. Jh.n.Chr.</subfield>
    </datafield>
    <datafield tag="548" ind1=" " ind2=" ">
      <subfield code="a">ca. 1. Jh.v.Chr.-1. Jh.n.Chr.</subfield>
      <subfield code="4">datl</subfield>
      <subfield code="4">https://d-nb.info/standards/elementset/gnd#associatedDate</subfield>
      <subfield code="w">r</subfield>
      <subfield code="i">Lebensdaten</subfield>
    </datafield>
    <datafield tag="548" ind1=" " ind2=" ">
      <subfield code="a">v00-</subfield>
      <subfield code="4">datu</subfield>
      <subfield code="4">https://d-nb.info/standards/elementset/gnd#udkCode</subfield>
      <subfield code="w">r</subfield>
      <subfield code="i">UDK</subfield>
    </datafield>
    <datafield tag="548" ind1=" " ind2=" ">
      <subfield code="a">00-</subfield>
      <subfield code="4">datu</subfield>
      <subfield code="4">https://d-nb.info/standards/elementset/gnd#udkCode</subfield>
      <subfield code="w">r</subfield>
      <subfield code="i">UDK</subfield>
    </datafield>
    <datafield tag="667" ind1=" " ind2=" ">
      <subfield code="a">12</subfield>
    </datafield>
    <datafield tag="667" ind1=" " ind2=" ">
      <subfield code="a">384</subfield>
    </datafield>
    <datafield tag="667" ind1=" " ind2=" ">
      <subfield code="a">12-PAN</subfield>
    </datafield>
    <datafield tag="667" ind1=" " ind2=" ">
      <subfield code="a">7</subfield>
    </datafield>
    <datafield tag="667" ind1=" " ind2=" ">
      <subfield code="a">VD-17</subfield>
    </datafield>
    <datafield tag="667" ind1=" " ind2=" ">
      <subfield code="a">TITAN</subfield>
    </datafield>
    <datafield tag="670" ind1=" " ind2=" ">
      <subfield code="a">PAN; Thes. ling. Lat. (1990)</subfield>
    </datafield>
    <datafield tag="672" ind1=" " ind2="0">
      <subfield code="a">De morte Drusi</subfield>
      <subfield code="f">1611</subfield>
    </datafield>
    <datafield tag="672" ind1=" " ind2="0">
      <subfield code="a">In Obitum I. Cilnii Maecenatis elegiae duae</subfield>
      <subfield code="f">1662</subfield>
    </datafield>
    <datafield tag="672" ind1=" " ind2="0">
      <subfield code="a">C. Pedo Albinovanus</subfield>
      <subfield code="f">1721</subfield>
    </datafield>
    <datafield tag="672" ind1=" " ind2="0">
      <subfield code="a">Elegiae III. et fragmenta</subfield>
      <subfield code="f">1771</subfield>
    </datafield>
    <datafield tag="672" ind1=" " ind2="0">
      <subfield code="a">Elegia in mortem Drusi Neronis</subfield>
      <subfield code="f">1775</subfield>
    </datafield>
    <datafield tag="672" ind1=" " ind2="0">
      <subfield code="a">Consolatio ad Liviam Augustam de morte Drusi Neronis</subfield>
      <subfield code="f">1783</subfield>
    </datafield>
    <datafield tag="678" ind1=" " ind2=" ">
      <subfield code="b">Röm. Dichter und Freund Ovids</subfield>
    </datafield>
    <datafield tag="913" ind1=" " ind2=" ">
      <subfield code="S">pnd</subfield>
      <subfield code="i">5</subfield>
      <subfield code="a">Albinovanus &lt;Pedo&gt;</subfield>
      <subfield code="0">(DE-588a)119500957</subfield>
    </datafield>
  </record>
